@MISC{bdew:consumption,
  AUTHOR       = {{BDEW - Bundesverband der Energie- und Wasserwirtschaft e.V.}},
  TITLE        = {{Struktur des Stromverbrauchs nach Anwendungsbereichen 2016}},
  YEAR         = {{2018}},
  HOWPUBLISHED = {{Website}},
  NOTE         = {{Online erh√§ltlich unter
                  \url{https://www.bdew.de/service/daten-und-grafiken/stromverbrauch-der-haushalte/};
                  abgerufen am 27. Januar 2019.}}
}